<record><leader>00000cas a22000007a 4500</leader><controlfield tag="001">10406015</controlfield><controlfield tag="008">840211d18081811pauwr ne      0    0eng d</controlfield><controlfield tag="009">3781</controlfield><datafield ind1=" " ind2=" " tag="010"><subfield code="a">sn 84026254 </subfield></datafield><datafield ind1=" " ind2=" " tag="040"><subfield code="a">NPU</subfield><subfield code="b">eng</subfield><subfield code="c">NPU</subfield><subfield code="d">DLC</subfield><subfield code="d">NPX</subfield><subfield code="d">DLC</subfield><subfield code="d">OCL</subfield><subfield code="d">OCLCQ</subfield></datafield><datafield ind1=" " ind2=" " tag="019"><subfield code="a">13709419</subfield></datafield><datafield ind1=" " ind2=" " tag="042"><subfield code="a">msc</subfield></datafield><datafield ind1="0" ind2="0" tag="050"><subfield code="a">Newspaper 9417</subfield></datafield><datafield ind1="0" ind2=" " tag="130"><subfield code="a">Mirror (Erie, Pa.)</subfield></datafield><datafield ind1="0" ind2="4" tag="245"><subfield code="a">The mirror.</subfield></datafield><datafield ind1=" " ind2=" " tag="260"><subfield code="a">Erie [Pa.] :</subfield><subfield code="b">Printed by George Wyeth,</subfield><subfield code="c">1808-1811.</subfield></datafield><datafield ind1=" " ind2=" " tag="300"><subfield code="a">3 v. ;</subfield><subfield code="c">43 cm.</subfield></datafield><datafield ind1=" " ind2=" " tag="310"><subfield code="a">Weekly</subfield></datafield><datafield ind1="0" ind2=" " tag="362"><subfield code="a">Vol. 1, no. 1 (May 26, 1808)-v. 3, no. 37 (June 1, 1811) = whole no. [1]-141.</subfield></datafield><datafield ind1=" " ind2=" " tag="500"><subfield code="a">Imprint varies: Erie, Pa., May 26-Nov. 19, 1808; Presque Isle [i.e. Erie], Pa., Nov. 26, 1808-June 1, 1811.</subfield></datafield><datafield ind1=" " ind2=" " tag="515"><subfield code="a">Suspended Mar. 16-May 11, 1811.</subfield></datafield><datafield ind1=" " ind2=" " tag="752"><subfield code="a">United States</subfield><subfield code="b">Pennsylvania</subfield><subfield code="c">Erie</subfield><subfield code="d">Erie.</subfield></datafield><datafield ind1=" " ind2=" " tag="752"><subfield code="a">United States</subfield><subfield code="b">Pennsylvania</subfield><subfield code="c">Erie</subfield><subfield code="d">Presque Isle.</subfield></datafield></record>